@inbook{vecLineRep,
    author  = "Hans Sterk",
    title   = "Linear Algebra 1",
    chapter = "1.2.1",
    publisher = "Technische Universiteit Eindhoven",
    year    = "2023-2024",
}

@inbook{linIndepVecs,
    author = "Hans Sterk",
    title = "Linear Algebra 1",
    chapter = "3.2.10",
    publisher = "Tecnhische Universiteit Eindhoven",
    year = "2023-2024"
}